@inproceedings{frustum,
	author    = {Emec Ercelik, Ekim Yurtsever, and Alois Knoll},
	title     = {Temp-Frustum Net: 3D Object Detection with Temporal Fusion},
	booktitle = {2021 IEEE Intelligent Vehicles Symposium (IV)},
	year      = {2021},
	pages     = {1095-1101},
	publisher = {IEEE},
	address   = {Nagoya, Japan},
	doi       = {10.1109/IV48863.2021.9575392},
	url       = {https://github.com/emecercelik/Temp-Frustum-Net.git}
}
